
    <zs:record>
      <zs:recordSchema/>
      <zs:recordPacking>xml</zs:recordPacking>
      <zs:recordData>
        <record xmlns="http://www.loc.gov/MARC21/slim">
          <leader>00742cam a2200217u  4500</leader>
          <controlfield tag="001">8438029</controlfield>
          <controlfield tag="005">20080410091543.0</controlfield>
          <controlfield tag="008">830422n        enkf          000 0 eng  </controlfield>
          <datafield tag="035" ind1=" " ind2=" ">
            <subfield code="9">(DLC)a  62002887</subfield>
          </datafield>
          <datafield tag="906" ind1=" " ind2=" ">
            <subfield code="a">0</subfield>
            <subfield code="b">cbc</subfield>
            <subfield code="c">premunv</subfield>
            <subfield code="d">u</subfield>
            <subfield code="e">ncip</subfield>
            <subfield code="f">19</subfield>
            <subfield code="g">y-gencatlg</subfield>
          </datafield>
          <datafield tag="010" ind1=" " ind2=" ">
            <subfield code="a">a  62002887 </subfield>
          </datafield>
          <datafield tag="040" ind1=" " ind2=" ">
            <subfield code="a">DLC</subfield>
            <subfield code="c">CarP</subfield>
            <subfield code="d">DLC</subfield>
          </datafield>
          <datafield tag="050" ind1="0" ind2="0">
            <subfield code="a">DG12</subfield>
            <subfield code="b">.B85 vol. 28</subfield>
          </datafield>
          <datafield tag="100" ind1="1" ind2=" ">
            <subfield code="a">Brogan, Olwen. [from old catalog]</subfield>
          </datafield>
          <datafield tag="245" ind1="0" ind2="0">
            <subfield code="a">Seven new inscriptions from Tripolitania</subfield>
          </datafield>
          <datafield tag="260" ind1=" " ind2=" ">
            <subfield code="a">London</subfield>
            <subfield code="c">[n.d.]</subfield>
          </datafield>
          <datafield tag="300" ind1=" " ind2=" ">
            <subfield code="a">p. [51]-54. plates 17-19. 26 cm.</subfield>
          </datafield>
          <datafield tag="650" ind1=" " ind2="0">
            <subfield code="a">Inscriptions, Latin</subfield>
            <subfield code="z">Libya</subfield>
            <subfield code="z">Tripolitania.</subfield>
          </datafield>
          <datafield tag="650" ind1=" " ind2="0">
            <subfield code="a">Inscriptions</subfield>
            <subfield code="z">Libya</subfield>
            <subfield code="z">Tripolitania.</subfield>
          </datafield>
          <datafield tag="700" ind1="1" ind2=" ">
            <subfield code="a">Reynolds, Joyce Maire, [from old catalog]</subfield>
            <subfield code="e">joint author.</subfield>
          </datafield>
          <datafield tag="991" ind1=" " ind2=" ">
            <subfield code="b">c-GenColl</subfield>
            <subfield code="h">DG12</subfield>
            <subfield code="i">.B85 vol. 28</subfield>
            <subfield code="t">Copy 1</subfield>
            <subfield code="w">PREM</subfield>
          </datafield>
        </record>
      </zs:recordData>
      <zs:recordPosition>5</zs:recordPosition>
    </zs:record>
  </zs:records>
  <zs:echoedSearchRetrieveRequest>
    <zs:version>1.1</zs:version>
    <zs:query>dc.creator="Brogan, Olwen" or dc.creator="Hackett, Olwen" or dc.creator="Kendall, Olwen"</zs:query>
    <zs:maximumRecords>100</zs:maximumRecords>
    <zs:recordPacking>xml</zs:recordPacking>
  </zs:echoedSearchRetrieveRequest>
</zs:searchRetrieveResponse>
